<record><recordSchema>MARC21-xml</recordSchema><recordPacking>xml</recordPacking><recordData><record xmlns="http://www.loc.gov/MARC21/slim" type="Bibliographic">
    <leader>00000nam a2200000uc 4500</leader>
    <controlfield tag="001">979618398</controlfield>
    <controlfield tag="003">DE-101</controlfield>
    <controlfield tag="005">20171201234543.0</controlfield>
    <controlfield tag="007">tu</controlfield>
    <controlfield tag="008">060505s1987    xxu||||| |||| 00||||eng  </controlfield>
    <datafield tag="016" ind1="7" ind2=" ">
      <subfield code="2">DE-101</subfield>
      <subfield code="a">979618398</subfield>
    </datafield>
    <datafield tag="020" ind1=" " ind2=" ">
      <subfield code="a">0916724662</subfield>
      <subfield code="c">pbk.</subfield>
      <subfield code="9">0-916724-66-2</subfield>
    </datafield>
    <datafield tag="035" ind1=" " ind2=" ">
      <subfield code="a">(DE-599)DNB979618398</subfield>
    </datafield>
    <datafield tag="035" ind1=" " ind2=" ">
      <subfield code="a">(OCoLC)723692094</subfield>
    </datafield>
    <datafield tag="040" ind1=" " ind2=" ">
      <subfield code="a">1140</subfield>
      <subfield code="b">ger</subfield>
      <subfield code="c">DE-101</subfield>
      <subfield code="d">9999</subfield>
    </datafield>
    <datafield tag="041" ind1=" " ind2=" ">
      <subfield code="a">eng</subfield>
    </datafield>
    <datafield tag="044" ind1=" " ind2=" ">
      <subfield code="c">XD-US</subfield>
    </datafield>
    <datafield tag="084" ind1=" " ind2=" ">
      <subfield code="a">*709/.2/4</subfield>
      <subfield code="2">ddc</subfield>
    </datafield>
    <datafield tag="100" ind1="1" ind2=" ">
      <subfield code="0">(DE-588)118573470</subfield>
      <subfield code="0">https://d-nb.info/gnd/118573470</subfield>
      <subfield code="0">(DE-101)118573470</subfield>
      <subfield code="a">Lisickij, Lazarʹ Markovič</subfield>
      <subfield code="d">1890-1941</subfield>
      <subfield code="e">Verfasser</subfield>
      <subfield code="4">aut</subfield>
      <subfield code="2">gnd</subfield>
    </datafield>
    <datafield tag="245" ind1="1" ind2="0">
      <subfield code="a">El Lissitzky, 1890-1941</subfield>
      <subfield code="b">catalogue for an exhibition of selected works from North American collections, the Sprengel Museum Hanover, and the Staatliche Galerie Moritzburg Halle</subfield>
    </datafield>
    <datafield tag="246" ind1="3" ind2=" ">
      <subfield code="a">El Lissitzky</subfield>
    </datafield>
    <datafield tag="264" ind1=" " ind2="1">
      <subfield code="a">[Cambridge, Mass.]</subfield>
      <subfield code="b">Harvard University Art Museums</subfield>
      <subfield code="c">1987</subfield>
    </datafield>
    <datafield tag="264" ind1=" " ind2="1">
      <subfield code="b">Busch-Reisinger Museum</subfield>
      <subfield code="c">1987</subfield>
    </datafield>
    <datafield tag="300" ind1=" " ind2=" ">
      <subfield code="a">209 p.</subfield>
      <subfield code="b">ill. (some col.)</subfield>
      <subfield code="c">28 cm</subfield>
    </datafield>
    <datafield tag="336" ind1=" " ind2=" ">
      <subfield code="a">Text</subfield>
      <subfield code="b">txt</subfield>
      <subfield code="2">rdacontent</subfield>
    </datafield>
    <datafield tag="337" ind1=" " ind2=" ">
      <subfield code="a">ohne Hilfsmittel zu benutzen</subfield>
      <subfield code="b">n</subfield>
      <subfield code="2">rdamedia</subfield>
    </datafield>
    <datafield tag="338" ind1=" " ind2=" ">
      <subfield code="a">Band</subfield>
      <subfield code="b">nc</subfield>
      <subfield code="2">rdacarrier</subfield>
    </datafield>
    <datafield tag="500" ind1=" " ind2=" ">
      <subfield code="a">Cover title: El Lissitzky. -- "The exhibition and catalogue were prepared by Peter Nisbet"--T.p. verso.</subfield>
    </datafield>
    <datafield tag="710" ind1="2" ind2=" ">
      <subfield code="0">(DE-588)2083948-0</subfield>
      <subfield code="0">https://d-nb.info/gnd/2083948-0</subfield>
      <subfield code="0">(DE-101)007332122</subfield>
      <subfield code="a">Sprengel Museum Hannover</subfield>
      <subfield code="e">Herausgebendes Organ</subfield>
      <subfield code="4">isb</subfield>
      <subfield code="2">gnd</subfield>
    </datafield>
    <datafield tag="850" ind1=" " ind2=" ">
      <subfield code="a">DE-101a</subfield>
    </datafield>
    <datafield tag="925" ind1="r" ind2=" ">
      <subfield code="a">rg</subfield>
    </datafield>
  </record></recordData><recordPosition>511</recordPosition></record>