<record><recordSchema>MARC21-xml</recordSchema><recordPacking>xml</recordPacking><recordData><record xmlns="http://www.loc.gov/MARC21/slim" type="Bibliographic">
    <leader>00000pam a2200000 c 4500</leader>
    <controlfield tag="001">870963163</controlfield>
    <controlfield tag="003">DE-101</controlfield>
    <controlfield tag="005">20240820084925.0</controlfield>
    <controlfield tag="007">tu</controlfield>
    <controlfield tag="008">880120s1987    gw ||||| |||| 10||||ger  </controlfield>
    <datafield tag="015" ind1=" " ind2=" ">
      <subfield code="a">88,B13,0016</subfield>
      <subfield code="z">87,N34,0004</subfield>
      <subfield code="2">dnb</subfield>
    </datafield>
    <datafield tag="016" ind1="7" ind2=" ">
      <subfield code="2">DE-101</subfield>
      <subfield code="a">870963163</subfield>
    </datafield>
    <datafield tag="020" ind1=" " ind2=" ">
      <subfield code="a">9783924556112</subfield>
      <subfield code="c">kart. : DM 10.00</subfield>
      <subfield code="9">978-3-924556-11-2</subfield>
    </datafield>
    <datafield tag="020" ind1=" " ind2=" ">
      <subfield code="a">3924556113</subfield>
      <subfield code="c">kart. : DM 10.00</subfield>
      <subfield code="9">3-924556-11-3</subfield>
    </datafield>
    <datafield tag="035" ind1=" " ind2=" ">
      <subfield code="a">(DE-599)DNB870963163</subfield>
    </datafield>
    <datafield tag="035" ind1=" " ind2=" ">
      <subfield code="a">(OCoLC)612902226</subfield>
    </datafield>
    <datafield tag="040" ind1=" " ind2=" ">
      <subfield code="a">1200</subfield>
      <subfield code="b">ger</subfield>
      <subfield code="c">DE-101</subfield>
      <subfield code="d">0292</subfield>
    </datafield>
    <datafield tag="041" ind1=" " ind2=" ">
      <subfield code="8">1\p</subfield>
      <subfield code="a">ger</subfield>
    </datafield>
    <datafield tag="044" ind1=" " ind2=" ">
      <subfield code="c">XA-DE</subfield>
    </datafield>
    <datafield tag="084" ind1=" " ind2=" ">
      <subfield code="a">02</subfield>
      <subfield code="a">020</subfield>
      <subfield code="a">070</subfield>
      <subfield code="a">090</subfield>
      <subfield code="q">DE-101</subfield>
      <subfield code="2">sdnb</subfield>
    </datafield>
    <datafield tag="245" ind1="0" ind2="0">
      <subfield code="a">Wege zum lebendigen Museum</subfield>
      <subfield code="b">Museen u. Kunstvereine als Orte kultureller Bildung ; Bericht über d. Tagung "Besucher im Museum - Ratlos?" d. AfeB in Zusammenarbeit mit d. Sprengel-Museum, Hannover vom 6. - 8. Mai 1987 im Sprengel-Museum, Hannover</subfield>
      <subfield code="c">Ekkehard Nuissl ... (Hrsg.). [Die Tagung wurde durchgeführt im Rahmen d. Projektes "Der Bildungsauftrag von Museen u. Kunstvereinen", d. 1986/87 von d. Arbeitsgruppe für Empir. Bildungsforschung bearb. wurde. Hrsg.: Vorstand d. Arbeitsgruppe für Empir. Bildungsforschung e.V., Heidelberg]</subfield>
    </datafield>
    <datafield tag="250" ind1=" " ind2=" ">
      <subfield code="a">1. Aufl.</subfield>
    </datafield>
    <datafield tag="264" ind1=" " ind2="1">
      <subfield code="a">Heidelberg</subfield>
      <subfield code="b">Vorstand d. AfeB</subfield>
      <subfield code="c">1987</subfield>
    </datafield>
    <datafield tag="300" ind1=" " ind2=" ">
      <subfield code="a">254 S.</subfield>
      <subfield code="b">Ill.</subfield>
      <subfield code="c">21 cm</subfield>
    </datafield>
    <datafield tag="336" ind1=" " ind2=" ">
      <subfield code="a">Text</subfield>
      <subfield code="b">txt</subfield>
      <subfield code="2">rdacontent</subfield>
    </datafield>
    <datafield tag="337" ind1=" " ind2=" ">
      <subfield code="a">ohne Hilfsmittel zu benutzen</subfield>
      <subfield code="b">n</subfield>
      <subfield code="2">rdamedia</subfield>
    </datafield>
    <datafield tag="338" ind1=" " ind2=" ">
      <subfield code="a">Band</subfield>
      <subfield code="b">nc</subfield>
      <subfield code="2">rdacarrier</subfield>
    </datafield>
    <datafield tag="366" ind1=" " ind2=" ">
      <subfield code="c">OP 20221008</subfield>
      <subfield code="2">onixas</subfield>
    </datafield>
    <datafield tag="490" ind1="1" ind2=" ">
      <subfield code="a">Tagungsberichte / Vorstand der Arbeitsgruppe für Empirische Bildungsforschung e.V.</subfield>
      <subfield code="v">Bd. 5</subfield>
    </datafield>
    <datafield tag="500" ind1=" " ind2=" ">
      <subfield code="a">Beitr. teilw. dt., teilw. engl.</subfield>
    </datafield>
    <datafield tag="655" ind1=" " ind2="7">
      <subfield code="0">(DE-588)1071861417</subfield>
      <subfield code="0">https://d-nb.info/gnd/1071861417</subfield>
      <subfield code="0">(DE-101)1071861417</subfield>
      <subfield code="a">Konferenzschrift</subfield>
      <subfield code="2">gnd-content</subfield>
    </datafield>
    <datafield tag="700" ind1="1" ind2=" ">
      <subfield code="0">(DE-588)11581938X</subfield>
      <subfield code="0">https://d-nb.info/gnd/11581938X</subfield>
      <subfield code="0">(DE-101)11581938X</subfield>
      <subfield code="a">Nuissl, Ekkehard</subfield>
      <subfield code="d">1946-</subfield>
      <subfield code="e">Herausgeber</subfield>
      <subfield code="4">edt</subfield>
      <subfield code="2">gnd</subfield>
    </datafield>
    <datafield tag="711" ind1="2" ind2=" ">
      <subfield code="0">(DE-588)2092609-1</subfield>
      <subfield code="0">https://d-nb.info/gnd/2092609-1</subfield>
      <subfield code="0">(DE-101)007415362</subfield>
      <subfield code="a">Tagung Besucher im Museum - Ratlos?</subfield>
      <subfield code="d">1987</subfield>
      <subfield code="c">Hannover</subfield>
      <subfield code="j">Herausgebendes Organ</subfield>
      <subfield code="4">isb</subfield>
      <subfield code="2">gnd</subfield>
    </datafield>
    <datafield tag="810" ind1="2" ind2=" ">
      <subfield code="a">Arbeitsgruppe für Empirische Bildungsforschung</subfield>
      <subfield code="4">aut</subfield>
      <subfield code="t">Tagungsberichte</subfield>
      <subfield code="v">Bd. 5</subfield>
      <subfield code="w">(DE-101)01717791X</subfield>
      <subfield code="w">(DE-600)1190521-9</subfield>
      <subfield code="9">15</subfield>
      <subfield code="7">as</subfield>
    </datafield>
    <datafield tag="850" ind1=" " ind2=" ">
      <subfield code="a">DE-101a</subfield>
      <subfield code="a">DE-101b</subfield>
    </datafield>
    <datafield tag="856" ind1="4" ind2="2">
      <subfield code="m">B:DE-101</subfield>
      <subfield code="q">application/pdf</subfield>
      <subfield code="u">https://d-nb.info/870963163/04</subfield>
      <subfield code="3">Inhaltsverzeichnis</subfield>
    </datafield>
    <datafield tag="883" ind1="2" ind2=" ">
      <subfield code="8">1\p</subfield>
      <subfield code="a">ka003lc</subfield>
      <subfield code="d">20191012</subfield>
      <subfield code="q">DE-101</subfield>
      <subfield code="u">https://d-nb.info/provenance/plan#ka003lc</subfield>
    </datafield>
  </record></recordData><recordPosition>521</recordPosition></record>