<record><recordSchema>MARC21-xml</recordSchema><recordPacking>xml</recordPacking><recordData><record xmlns="http://www.loc.gov/MARC21/slim" type="Bibliographic">
    <leader>00000nam a2200000 c 4500</leader>
    <controlfield tag="001">861133064</controlfield>
    <controlfield tag="003">DE-101</controlfield>
    <controlfield tag="005">20181024194412.0</controlfield>
    <controlfield tag="007">tu</controlfield>
    <controlfield tag="008">861117s1986    gw ||||| |||| 00||||ger  </controlfield>
    <datafield tag="015" ind1=" " ind2=" ">
      <subfield code="a">86,B49,0473</subfield>
      <subfield code="2">dnb</subfield>
    </datafield>
    <datafield tag="016" ind1="7" ind2=" ">
      <subfield code="2">DE-101</subfield>
      <subfield code="a">861133064</subfield>
    </datafield>
    <datafield tag="020" ind1=" " ind2=" ">
      <subfield code="c">kart. (Pr. nicht mitget.)</subfield>
    </datafield>
    <datafield tag="024" ind1="8" ind2=" ">
      <subfield code="a">sw016695</subfield>
    </datafield>
    <datafield tag="035" ind1=" " ind2=" ">
      <subfield code="a">(DE-599)DNB861133064</subfield>
    </datafield>
    <datafield tag="035" ind1=" " ind2=" ">
      <subfield code="a">(OCoLC)74772784</subfield>
    </datafield>
    <datafield tag="040" ind1=" " ind2=" ">
      <subfield code="a">1200</subfield>
      <subfield code="b">ger</subfield>
      <subfield code="c">DE-101</subfield>
      <subfield code="d">9999</subfield>
    </datafield>
    <datafield tag="041" ind1=" " ind2=" ">
      <subfield code="a">ger</subfield>
    </datafield>
    <datafield tag="044" ind1=" " ind2=" ">
      <subfield code="c">XA-DE</subfield>
    </datafield>
    <datafield tag="084" ind1=" " ind2=" ">
      <subfield code="a">46</subfield>
      <subfield code="a">02</subfield>
      <subfield code="a">700</subfield>
      <subfield code="a">730</subfield>
      <subfield code="a">740</subfield>
      <subfield code="a">750</subfield>
      <subfield code="a">760</subfield>
      <subfield code="q">DE-101</subfield>
      <subfield code="2">sdnb</subfield>
    </datafield>
    <datafield tag="245" ind1="0" ind2="0">
      <subfield code="a">Hubertus Gojowczyk</subfield>
      <subfield code="b">Bücher, Graphik u. "Die Doktorarbeit" ; Arbeiten seit 1968 ; Sprengel-Museum Hannover 14.9. - 26.10.1986</subfield>
      <subfield code="c">[Landeshauptstadt Hannover, Der Oberstadtdirektor, Sprengel-Museum]</subfield>
    </datafield>
    <datafield tag="264" ind1=" " ind2="1">
      <subfield code="a">Hannover</subfield>
      <subfield code="b">Sprengel-Museum</subfield>
      <subfield code="c">1986</subfield>
    </datafield>
    <datafield tag="300" ind1=" " ind2=" ">
      <subfield code="a">[50] S.</subfield>
      <subfield code="b">überwiegend Ill.</subfield>
      <subfield code="c">23 x 24 cm</subfield>
    </datafield>
    <datafield tag="336" ind1=" " ind2=" ">
      <subfield code="a">unbewegtes Bild</subfield>
      <subfield code="b">sti</subfield>
      <subfield code="2">rdacontent</subfield>
    </datafield>
    <datafield tag="337" ind1=" " ind2=" ">
      <subfield code="a">ohne Hilfsmittel zu benutzen</subfield>
      <subfield code="b">n</subfield>
      <subfield code="2">rdamedia</subfield>
    </datafield>
    <datafield tag="338" ind1=" " ind2=" ">
      <subfield code="a">Band</subfield>
      <subfield code="b">nc</subfield>
      <subfield code="2">rdacarrier</subfield>
    </datafield>
    <datafield tag="366" ind1=" " ind2=" ">
      <subfield code="c">OP 20221008</subfield>
      <subfield code="2">onixas</subfield>
    </datafield>
    <datafield tag="600" ind1="1" ind2="7">
      <subfield code="0">(DE-588)118540440</subfield>
      <subfield code="0">https://d-nb.info/gnd/118540440</subfield>
      <subfield code="0">(DE-101)118540440</subfield>
      <subfield code="a">Gojowczyk, Hubertus</subfield>
      <subfield code="d">1943-</subfield>
      <subfield code="9">rswk-swf</subfield>
      <subfield code="2">gnd</subfield>
    </datafield>
    <datafield tag="600" ind1="1" ind2="7">
      <subfield code="0">(DE-588)118540440</subfield>
      <subfield code="0">https://d-nb.info/gnd/118540440</subfield>
      <subfield code="0">(DE-101)118540440</subfield>
      <subfield code="a">Gojowczyk, Hubertus</subfield>
      <subfield code="d">1943-</subfield>
      <subfield code="9">rswk-swf</subfield>
      <subfield code="2">gnd</subfield>
    </datafield>
    <datafield tag="600" ind1="1" ind2="7">
      <subfield code="0">(DE-588)118540440</subfield>
      <subfield code="0">https://d-nb.info/gnd/118540440</subfield>
      <subfield code="0">(DE-101)118540440</subfield>
      <subfield code="a">Gojowczyk, Hubertus</subfield>
      <subfield code="d">1943-</subfield>
      <subfield code="9">rswk-swf</subfield>
      <subfield code="2">gnd</subfield>
    </datafield>
    <datafield tag="610" ind1="2" ind2="7">
      <subfield code="0">(DE-588)2083948-0</subfield>
      <subfield code="0">https://d-nb.info/gnd/2083948-0</subfield>
      <subfield code="0">(DE-101)007332122</subfield>
      <subfield code="a">Sprengel Museum Hannover</subfield>
      <subfield code="9">rswk-swf</subfield>
      <subfield code="2">gnd</subfield>
    </datafield>
    <datafield tag="648" ind1=" " ind2="7">
      <subfield code="a">Geschichte</subfield>
      <subfield code="9">rswk-swf</subfield>
      <subfield code="2">gnd</subfield>
    </datafield>
    <datafield tag="648" ind1=" " ind2="7">
      <subfield code="a">Geschichte</subfield>
      <subfield code="9">rswk-swf</subfield>
      <subfield code="2">gnd</subfield>
    </datafield>
    <datafield tag="648" ind1=" " ind2="7">
      <subfield code="a">Geschichte 1986</subfield>
      <subfield code="9">rswk-swf</subfield>
      <subfield code="2">gnd</subfield>
    </datafield>
    <datafield tag="648" ind1=" " ind2="7">
      <subfield code="a">Geschichte</subfield>
      <subfield code="9">rswk-swf</subfield>
      <subfield code="2">gnd</subfield>
    </datafield>
    <datafield tag="650" ind1=" " ind2="7">
      <subfield code="0">(DE-588)4146814-4</subfield>
      <subfield code="0">https://d-nb.info/gnd/4146814-4</subfield>
      <subfield code="0">(DE-101)041468147</subfield>
      <subfield code="a">Buchgestaltung</subfield>
      <subfield code="9">rswk-swf</subfield>
      <subfield code="2">gnd</subfield>
    </datafield>
    <datafield tag="650" ind1=" " ind2="7">
      <subfield code="0">(DE-588)4008648-3</subfield>
      <subfield code="0">https://d-nb.info/gnd/4008648-3</subfield>
      <subfield code="0">(DE-101)040086488</subfield>
      <subfield code="a">Buchkunst</subfield>
      <subfield code="9">rswk-swf</subfield>
      <subfield code="2">gnd</subfield>
    </datafield>
    <datafield tag="650" ind1=" " ind2="7">
      <subfield code="0">(DE-588)4129601-1</subfield>
      <subfield code="0">https://d-nb.info/gnd/4129601-1</subfield>
      <subfield code="0">(DE-101)04129601X</subfield>
      <subfield code="a">Ausstellung</subfield>
      <subfield code="9">rswk-swf</subfield>
      <subfield code="2">gnd</subfield>
    </datafield>
    <datafield tag="650" ind1=" " ind2="7">
      <subfield code="0">(DE-588)4269067-5</subfield>
      <subfield code="0">https://d-nb.info/gnd/4269067-5</subfield>
      <subfield code="0">(DE-101)042690676</subfield>
      <subfield code="a">Buchobjekt</subfield>
      <subfield code="9">rswk-swf</subfield>
      <subfield code="2">gnd</subfield>
    </datafield>
    <datafield tag="650" ind1=" " ind2="7">
      <subfield code="0">(DE-588)4151226-1</subfield>
      <subfield code="0">https://d-nb.info/gnd/4151226-1</subfield>
      <subfield code="0">(DE-101)04151226X</subfield>
      <subfield code="a">Einbandkunde</subfield>
      <subfield code="9">rswk-swf</subfield>
      <subfield code="2">gnd</subfield>
    </datafield>
    <datafield tag="650" ind1=" " ind2="7">
      <subfield code="0">(DE-588)4151226-1</subfield>
      <subfield code="0">https://d-nb.info/gnd/4151226-1</subfield>
      <subfield code="0">(DE-101)04151226X</subfield>
      <subfield code="a">Einbandkunde</subfield>
      <subfield code="9">rswk-swf</subfield>
      <subfield code="2">gnd</subfield>
    </datafield>
    <datafield tag="650" ind1=" " ind2="7">
      <subfield code="0">(DE-588)4151226-1</subfield>
      <subfield code="0">https://d-nb.info/gnd/4151226-1</subfield>
      <subfield code="0">(DE-101)04151226X</subfield>
      <subfield code="a">Einbandkunde</subfield>
      <subfield code="9">rswk-swf</subfield>
      <subfield code="2">gnd</subfield>
    </datafield>
    <datafield tag="650" ind1=" " ind2="7">
      <subfield code="0">(DE-588)4151226-1</subfield>
      <subfield code="0">https://d-nb.info/gnd/4151226-1</subfield>
      <subfield code="0">(DE-101)04151226X</subfield>
      <subfield code="a">Einbandkunde</subfield>
      <subfield code="9">rswk-swf</subfield>
      <subfield code="2">gnd</subfield>
    </datafield>
    <datafield tag="650" ind1=" " ind2="7">
      <subfield code="0">(DE-588)4120632-0</subfield>
      <subfield code="0">https://d-nb.info/gnd/4120632-0</subfield>
      <subfield code="0">(DE-101)041206320</subfield>
      <subfield code="a">Kunstwissenschaft</subfield>
      <subfield code="9">rswk-swf</subfield>
      <subfield code="2">gnd</subfield>
    </datafield>
    <datafield tag="651" ind1=" " ind2="7">
      <subfield code="0">(DE-588)4023349-2</subfield>
      <subfield code="0">https://d-nb.info/gnd/4023349-2</subfield>
      <subfield code="0">(DE-101)040233499</subfield>
      <subfield code="a">Hannover</subfield>
      <subfield code="9">rswk-swf</subfield>
      <subfield code="2">gnd</subfield>
    </datafield>
    <datafield tag="689" ind1="0" ind2="0">
      <subfield code="0">(DE-588)118540440</subfield>
      <subfield code="0">https://d-nb.info/gnd/118540440</subfield>
      <subfield code="0">(DE-101)118540440</subfield>
      <subfield code="D">p</subfield>
      <subfield code="a">Gojowczyk, Hubertus</subfield>
      <subfield code="d">1943-</subfield>
    </datafield>
    <datafield tag="689" ind1="0" ind2="1">
      <subfield code="0">(DE-588)4146814-4</subfield>
      <subfield code="0">https://d-nb.info/gnd/4146814-4</subfield>
      <subfield code="0">(DE-101)041468147</subfield>
      <subfield code="D">s</subfield>
      <subfield code="a">Buchgestaltung</subfield>
    </datafield>
    <datafield tag="689" ind1="0" ind2="2">
      <subfield code="0">(DE-588)4008648-3</subfield>
      <subfield code="0">https://d-nb.info/gnd/4008648-3</subfield>
      <subfield code="0">(DE-101)040086488</subfield>
      <subfield code="D">s</subfield>
      <subfield code="a">Buchkunst</subfield>
    </datafield>
    <datafield tag="689" ind1="0" ind2="3">
      <subfield code="A">z</subfield>
      <subfield code="a">Geschichte</subfield>
    </datafield>
    <datafield tag="689" ind1="0" ind2=" ">
      <subfield code="5">DE-101d</subfield>
      <subfield code="5">DE-101d</subfield>
    </datafield>
    <datafield tag="689" ind1="1" ind2="0">
      <subfield code="0">(DE-588)4129601-1</subfield>
      <subfield code="0">https://d-nb.info/gnd/4129601-1</subfield>
      <subfield code="0">(DE-101)04129601X</subfield>
      <subfield code="D">s</subfield>
      <subfield code="a">Ausstellung</subfield>
    </datafield>
    <datafield tag="689" ind1="1" ind2="1">
      <subfield code="0">(DE-588)4269067-5</subfield>
      <subfield code="0">https://d-nb.info/gnd/4269067-5</subfield>
      <subfield code="0">(DE-101)042690676</subfield>
      <subfield code="D">s</subfield>
      <subfield code="a">Buchobjekt</subfield>
    </datafield>
    <datafield tag="689" ind1="1" ind2="2">
      <subfield code="0">(DE-588)4151226-1</subfield>
      <subfield code="0">https://d-nb.info/gnd/4151226-1</subfield>
      <subfield code="0">(DE-101)04151226X</subfield>
      <subfield code="D">s</subfield>
      <subfield code="a">Einbandkunde</subfield>
    </datafield>
    <datafield tag="689" ind1="1" ind2=" ">
      <subfield code="5">DE-101d</subfield>
      <subfield code="5">DE-101d</subfield>
    </datafield>
    <datafield tag="689" ind1="2" ind2="0">
      <subfield code="0">(DE-588)2083948-0</subfield>
      <subfield code="0">https://d-nb.info/gnd/2083948-0</subfield>
      <subfield code="0">(DE-101)007332122</subfield>
      <subfield code="D">b</subfield>
      <subfield code="a">Sprengel Museum Hannover</subfield>
    </datafield>
    <datafield tag="689" ind1="2" ind2="1">
      <subfield code="0">(DE-588)4023349-2</subfield>
      <subfield code="0">https://d-nb.info/gnd/4023349-2</subfield>
      <subfield code="0">(DE-101)040233499</subfield>
      <subfield code="D">g</subfield>
      <subfield code="a">Hannover</subfield>
    </datafield>
    <datafield tag="689" ind1="2" ind2="2">
      <subfield code="0">(DE-588)4151226-1</subfield>
      <subfield code="0">https://d-nb.info/gnd/4151226-1</subfield>
      <subfield code="0">(DE-101)04151226X</subfield>
      <subfield code="D">s</subfield>
      <subfield code="a">Einbandkunde</subfield>
    </datafield>
    <datafield tag="689" ind1="2" ind2=" ">
      <subfield code="5">DE-101d</subfield>
      <subfield code="5">DE-101d</subfield>
    </datafield>
    <datafield tag="689" ind1="3" ind2="0">
      <subfield code="0">(DE-588)118540440</subfield>
      <subfield code="0">https://d-nb.info/gnd/118540440</subfield>
      <subfield code="0">(DE-101)118540440</subfield>
      <subfield code="D">p</subfield>
      <subfield code="a">Gojowczyk, Hubertus</subfield>
      <subfield code="d">1943-</subfield>
    </datafield>
    <datafield tag="689" ind1="3" ind2="1">
      <subfield code="0">(DE-588)4151226-1</subfield>
      <subfield code="0">https://d-nb.info/gnd/4151226-1</subfield>
      <subfield code="0">(DE-101)04151226X</subfield>
      <subfield code="D">s</subfield>
      <subfield code="a">Einbandkunde</subfield>
    </datafield>
    <datafield tag="689" ind1="3" ind2="2">
      <subfield code="A">z</subfield>
      <subfield code="a">Geschichte</subfield>
    </datafield>
    <datafield tag="689" ind1="3" ind2=" ">
      <subfield code="5">DE-101d</subfield>
      <subfield code="5">DE-101d</subfield>
    </datafield>
    <datafield tag="689" ind1="4" ind2="0">
      <subfield code="0">(DE-588)4151226-1</subfield>
      <subfield code="0">https://d-nb.info/gnd/4151226-1</subfield>
      <subfield code="0">(DE-101)04151226X</subfield>
      <subfield code="D">s</subfield>
      <subfield code="a">Einbandkunde</subfield>
    </datafield>
    <datafield tag="689" ind1="4" ind2="1">
      <subfield code="A">z</subfield>
      <subfield code="a">Geschichte 1986</subfield>
    </datafield>
    <datafield tag="689" ind1="4" ind2=" ">
      <subfield code="5">DE-101d</subfield>
      <subfield code="5">DE-101d</subfield>
    </datafield>
    <datafield tag="689" ind1="5" ind2="0">
      <subfield code="0">(DE-588)118540440</subfield>
      <subfield code="0">https://d-nb.info/gnd/118540440</subfield>
      <subfield code="0">(DE-101)118540440</subfield>
      <subfield code="D">p</subfield>
      <subfield code="a">Gojowczyk, Hubertus</subfield>
      <subfield code="d">1943-</subfield>
    </datafield>
    <datafield tag="689" ind1="5" ind2="1">
      <subfield code="0">(DE-588)4120632-0</subfield>
      <subfield code="0">https://d-nb.info/gnd/4120632-0</subfield>
      <subfield code="0">(DE-101)041206320</subfield>
      <subfield code="D">s</subfield>
      <subfield code="a">Kunstwissenschaft</subfield>
    </datafield>
    <datafield tag="689" ind1="5" ind2="2">
      <subfield code="A">z</subfield>
      <subfield code="a">Geschichte</subfield>
    </datafield>
    <datafield tag="689" ind1="5" ind2=" ">
      <subfield code="5">DE-101d</subfield>
      <subfield code="5">DE-101d</subfield>
    </datafield>
    <datafield tag="700" ind1="1" ind2=" ">
      <subfield code="0">(DE-588)118540440</subfield>
      <subfield code="0">https://d-nb.info/gnd/118540440</subfield>
      <subfield code="0">(DE-101)118540440</subfield>
      <subfield code="a">Gojowczyk, Hubertus</subfield>
      <subfield code="d">1943-</subfield>
      <subfield code="e">Illustrator</subfield>
      <subfield code="4">ill</subfield>
      <subfield code="2">gnd</subfield>
    </datafield>
    <datafield tag="710" ind1="2" ind2=" ">
      <subfield code="0">(DE-588)2083948-0</subfield>
      <subfield code="0">https://d-nb.info/gnd/2083948-0</subfield>
      <subfield code="0">(DE-101)007332122</subfield>
      <subfield code="a">Sprengel Museum Hannover</subfield>
      <subfield code="e">Herausgebendes Organ</subfield>
      <subfield code="4">isb</subfield>
      <subfield code="2">gnd</subfield>
    </datafield>
    <datafield tag="850" ind1=" " ind2=" ">
      <subfield code="a">DE-101a</subfield>
      <subfield code="a">DE-101b</subfield>
    </datafield>
    <datafield tag="856" ind1="4" ind2="2">
      <subfield code="m">B:DE-101</subfield>
      <subfield code="q">application/pdf</subfield>
      <subfield code="u">https://d-nb.info/861133064/04</subfield>
      <subfield code="3">Inhaltsverzeichnis</subfield>
    </datafield>
  </record></recordData><recordPosition>531</recordPosition></record>