<record><recordSchema>MARC21-xml</recordSchema><recordPacking>xml</recordPacking><recordData><record xmlns="http://www.loc.gov/MARC21/slim" type="Bibliographic">
    <leader>00000nam a2200000 c 4500</leader>
    <controlfield tag="001">850894050</controlfield>
    <controlfield tag="003">DE-101</controlfield>
    <controlfield tag="005">20230818192150.0</controlfield>
    <controlfield tag="007">tu</controlfield>
    <controlfield tag="008">851018s1985    gw ||||| |||| 00||||ger  </controlfield>
    <datafield tag="015" ind1=" " ind2=" ">
      <subfield code="a">85,A45,0616</subfield>
      <subfield code="2">dnb</subfield>
    </datafield>
    <datafield tag="016" ind1="7" ind2=" ">
      <subfield code="2">DE-101</subfield>
      <subfield code="a">850894050</subfield>
    </datafield>
    <datafield tag="020" ind1=" " ind2=" ">
      <subfield code="a">9783775702096</subfield>
      <subfield code="c">kart. (Pr. nicht mitget.)</subfield>
      <subfield code="9">978-3-7757-0209-6</subfield>
    </datafield>
    <datafield tag="020" ind1=" " ind2=" ">
      <subfield code="a">3775702091</subfield>
      <subfield code="c">kart. (Pr. nicht mitget.)</subfield>
      <subfield code="9">3-7757-0209-1</subfield>
    </datafield>
    <datafield tag="035" ind1=" " ind2=" ">
      <subfield code="a">(DE-599)DNB850894050</subfield>
    </datafield>
    <datafield tag="035" ind1=" " ind2=" ">
      <subfield code="a">(OCoLC)611536183</subfield>
    </datafield>
    <datafield tag="040" ind1=" " ind2=" ">
      <subfield code="a">1200</subfield>
      <subfield code="b">ger</subfield>
      <subfield code="c">DE-101</subfield>
      <subfield code="d">9999</subfield>
    </datafield>
    <datafield tag="041" ind1=" " ind2=" ">
      <subfield code="a">ger</subfield>
    </datafield>
    <datafield tag="044" ind1=" " ind2=" ">
      <subfield code="c">XA-DE</subfield>
    </datafield>
    <datafield tag="084" ind1=" " ind2=" ">
      <subfield code="a">46</subfield>
      <subfield code="a">700</subfield>
      <subfield code="a">730</subfield>
      <subfield code="a">740</subfield>
      <subfield code="a">750</subfield>
      <subfield code="a">760</subfield>
      <subfield code="q">DE-101</subfield>
      <subfield code="2">sdnb</subfield>
    </datafield>
    <datafield tag="245" ind1="0" ind2="0">
      <subfield code="a">Ansgar Nierhoff</subfield>
      <subfield code="b">Skulpturen u. Zeichn. 1977 - 1985 ; [Sprengel-Museum Hannover, 23. Juni - 1. September 1985 ; Kunsthalle Mannheim, 11. November 1985 - 5. Januar 1986]</subfield>
      <subfield code="c">mit Beitr. von Magdalena M. Moeller ...</subfield>
    </datafield>
    <datafield tag="264" ind1=" " ind2="1">
      <subfield code="a">Stuttgart</subfield>
      <subfield code="b">Hatje</subfield>
      <subfield code="c">1985</subfield>
    </datafield>
    <datafield tag="300" ind1=" " ind2=" ">
      <subfield code="a">134 S.</subfield>
      <subfield code="b">überwiegend Ill.</subfield>
      <subfield code="c">30 cm</subfield>
    </datafield>
    <datafield tag="336" ind1=" " ind2=" ">
      <subfield code="a">unbewegtes Bild</subfield>
      <subfield code="b">sti</subfield>
      <subfield code="2">rdacontent</subfield>
    </datafield>
    <datafield tag="337" ind1=" " ind2=" ">
      <subfield code="a">ohne Hilfsmittel zu benutzen</subfield>
      <subfield code="b">n</subfield>
      <subfield code="2">rdamedia</subfield>
    </datafield>
    <datafield tag="338" ind1=" " ind2=" ">
      <subfield code="a">Band</subfield>
      <subfield code="b">nc</subfield>
      <subfield code="2">rdacarrier</subfield>
    </datafield>
    <datafield tag="366" ind1=" " ind2=" ">
      <subfield code="c">OP 20221008</subfield>
      <subfield code="2">onixas</subfield>
    </datafield>
    <datafield tag="600" ind1="1" ind2="7">
      <subfield code="a">Nierhoff, Ansgar</subfield>
      <subfield code="x">Ausstellung</subfield>
      <subfield code="2">local</subfield>
    </datafield>
    <datafield tag="600" ind1="1" ind2="7">
      <subfield code="8">1\p</subfield>
      <subfield code="0">(DE-588)118587935</subfield>
      <subfield code="0">https://d-nb.info/gnd/118587935</subfield>
      <subfield code="0">(DE-101)118587935</subfield>
      <subfield code="a">Nierhoff, Ansgar</subfield>
      <subfield code="d">1941-2010</subfield>
      <subfield code="2">gnd</subfield>
    </datafield>
    <datafield tag="650" ind1=" " ind2="7">
      <subfield code="a">Nierhoff, Ansgar</subfield>
      <subfield code="x">Ausstellungen</subfield>
      <subfield code="2">local</subfield>
    </datafield>
    <datafield tag="650" ind1=" " ind2="7">
      <subfield code="a">Handzeichnung</subfield>
      <subfield code="x">Ausstellungen</subfield>
      <subfield code="2">local</subfield>
    </datafield>
    <datafield tag="650" ind1=" " ind2="7">
      <subfield code="a">Plastik</subfield>
      <subfield code="x">Ausstellungen</subfield>
      <subfield code="2">local</subfield>
    </datafield>
    <datafield tag="650" ind1=" " ind2="7">
      <subfield code="a">Nierhoff, Ansgar</subfield>
      <subfield code="2">local</subfield>
    </datafield>
    <datafield tag="650" ind1=" " ind2="7">
      <subfield code="8">3\p</subfield>
      <subfield code="0">(DE-588)4127900-1</subfield>
      <subfield code="0">https://d-nb.info/gnd/4127900-1</subfield>
      <subfield code="0">(DE-101)04127900X</subfield>
      <subfield code="a">Zeichnung</subfield>
      <subfield code="2">gnd</subfield>
    </datafield>
    <datafield tag="650" ind1=" " ind2="7">
      <subfield code="8">4\p</subfield>
      <subfield code="0">(DE-588)4046277-8</subfield>
      <subfield code="0">https://d-nb.info/gnd/4046277-8</subfield>
      <subfield code="0">(DE-101)040462773</subfield>
      <subfield code="a">Plastik</subfield>
      <subfield code="2">gnd</subfield>
    </datafield>
    <datafield tag="651" ind1=" " ind2="7">
      <subfield code="a">Hannover</subfield>
      <subfield code="2">local</subfield>
    </datafield>
    <datafield tag="651" ind1=" " ind2="7">
      <subfield code="8">2\p</subfield>
      <subfield code="0">(DE-588)4023349-2</subfield>
      <subfield code="0">https://d-nb.info/gnd/4023349-2</subfield>
      <subfield code="0">(DE-101)040233499</subfield>
      <subfield code="a">Hannover</subfield>
      <subfield code="2">gnd</subfield>
    </datafield>
    <datafield tag="655" ind1=" " ind2="7">
      <subfield code="0">(DE-588)4135467-9</subfield>
      <subfield code="0">https://d-nb.info/gnd/4135467-9</subfield>
      <subfield code="0">(DE-101)041354672</subfield>
      <subfield code="a">Ausstellungskatalog</subfield>
      <subfield code="2">gnd-content</subfield>
    </datafield>
    <datafield tag="700" ind1="1" ind2=" ">
      <subfield code="0">(DE-588)118587935</subfield>
      <subfield code="0">https://d-nb.info/gnd/118587935</subfield>
      <subfield code="0">(DE-101)118587935</subfield>
      <subfield code="a">Nierhoff, Ansgar</subfield>
      <subfield code="d">1941-2010</subfield>
      <subfield code="e">Illustrator</subfield>
      <subfield code="4">ill</subfield>
      <subfield code="2">gnd</subfield>
    </datafield>
    <datafield tag="710" ind1="2" ind2=" ">
      <subfield code="0">(DE-588)2083948-0</subfield>
      <subfield code="0">https://d-nb.info/gnd/2083948-0</subfield>
      <subfield code="0">(DE-101)007332122</subfield>
      <subfield code="a">Sprengel Museum Hannover</subfield>
      <subfield code="e">Herausgebendes Organ</subfield>
      <subfield code="4">isb</subfield>
      <subfield code="2">gnd</subfield>
    </datafield>
    <datafield tag="850" ind1=" " ind2=" ">
      <subfield code="a">DE-101a</subfield>
      <subfield code="a">DE-101b</subfield>
    </datafield>
    <datafield tag="856" ind1="4" ind2="2">
      <subfield code="m">B:DE-101</subfield>
      <subfield code="q">application/pdf</subfield>
      <subfield code="u">https://d-nb.info/850894050/04</subfield>
      <subfield code="3">Inhaltsverzeichnis</subfield>
    </datafield>
    <datafield tag="883" ind1="1" ind2=" ">
      <subfield code="8">1\p</subfield>
      <subfield code="a">kasw</subfield>
      <subfield code="c">1,000</subfield>
      <subfield code="d">20230818</subfield>
      <subfield code="q">DE-101</subfield>
      <subfield code="u">https://d-nb.info/provenance/plan#kasw</subfield>
    </datafield>
    <datafield tag="883" ind1="1" ind2=" ">
      <subfield code="8">2\p</subfield>
      <subfield code="a">kasw</subfield>
      <subfield code="c">1,000</subfield>
      <subfield code="d">20230818</subfield>
      <subfield code="q">DE-101</subfield>
      <subfield code="u">https://d-nb.info/provenance/plan#kasw</subfield>
    </datafield>
    <datafield tag="883" ind1="1" ind2=" ">
      <subfield code="8">3\p</subfield>
      <subfield code="a">kasw</subfield>
      <subfield code="c">1,000</subfield>
      <subfield code="d">20230818</subfield>
      <subfield code="q">DE-101</subfield>
      <subfield code="u">https://d-nb.info/provenance/plan#kasw</subfield>
    </datafield>
    <datafield tag="883" ind1="1" ind2=" ">
      <subfield code="8">4\p</subfield>
      <subfield code="a">kasw</subfield>
      <subfield code="c">1,000</subfield>
      <subfield code="d">20230818</subfield>
      <subfield code="q">DE-101</subfield>
      <subfield code="u">https://d-nb.info/provenance/plan#kasw</subfield>
    </datafield>
  </record></recordData><recordPosition>539</recordPosition></record>