<record><recordSchema>MARC21-xml</recordSchema><recordPacking>xml</recordPacking><recordData><record xmlns="http://www.loc.gov/MARC21/slim" type="Bibliographic">
    <leader>00000nam a2200000 ca4500</leader>
    <controlfield tag="001">501506667</controlfield>
    <controlfield tag="003">DE-101</controlfield>
    <controlfield tag="005">20210511143821.0</controlfield>
    <controlfield tag="007">tu</controlfield>
    <controlfield tag="008">881220s        gw ||||| |||| 00|||||||  </controlfield>
    <datafield tag="016" ind1="7" ind2=" ">
      <subfield code="2">DE-101</subfield>
      <subfield code="a">501506667</subfield>
    </datafield>
    <datafield tag="035" ind1=" " ind2=" ">
      <subfield code="a">(DE-599)DNB501506667</subfield>
    </datafield>
    <datafield tag="035" ind1=" " ind2=" ">
      <subfield code="a">(OCoLC)720559948</subfield>
    </datafield>
    <datafield tag="040" ind1=" " ind2=" ">
      <subfield code="a">1200</subfield>
      <subfield code="b">ger</subfield>
      <subfield code="c">DE-101</subfield>
      <subfield code="d">1140</subfield>
    </datafield>
    <datafield tag="044" ind1=" " ind2=" ">
      <subfield code="c">XA-DE</subfield>
    </datafield>
    <datafield tag="084" ind1=" " ind2=" ">
      <subfield code="a">02</subfield>
      <subfield code="a">46</subfield>
      <subfield code="a">020</subfield>
      <subfield code="a">070</subfield>
      <subfield code="a">090</subfield>
      <subfield code="q">DE-101</subfield>
      <subfield code="2">sdnb</subfield>
    </datafield>
    <datafield tag="110" ind1="2" ind2=" ">
      <subfield code="0">(DE-588)2083948-0</subfield>
      <subfield code="0">https://d-nb.info/gnd/2083948-0</subfield>
      <subfield code="0">(DE-101)007332122</subfield>
      <subfield code="a">Sprengel Museum Hannover</subfield>
      <subfield code="e">Verfasser</subfield>
      <subfield code="4">aut</subfield>
      <subfield code="2">gnd</subfield>
    </datafield>
    <datafield tag="245" ind1="1" ind2="0">
      <subfield code="a">Didaktische und andere Besucherinformationen / Sprengel-Museum Hannover</subfield>
      <subfield code="c">[Hrsg.: Landeshauptstadt Hannover, Der Oberstadtdirektor]</subfield>
    </datafield>
    <datafield tag="264" ind1=" " ind2="1">
      <subfield code="a">Hannover</subfield>
      <subfield code="b">Sprengel-Museum</subfield>
    </datafield>
    <datafield tag="300" ind1=" " ind2=" ">
      <subfield code="c">30 cm</subfield>
    </datafield>
    <datafield tag="336" ind1=" " ind2=" ">
      <subfield code="a">Text</subfield>
      <subfield code="b">txt</subfield>
      <subfield code="2">rdacontent</subfield>
    </datafield>
    <datafield tag="337" ind1=" " ind2=" ">
      <subfield code="a">ohne Hilfsmittel zu benutzen</subfield>
      <subfield code="b">n</subfield>
      <subfield code="2">rdamedia</subfield>
    </datafield>
    <datafield tag="338" ind1=" " ind2=" ">
      <subfield code="a">Band</subfield>
      <subfield code="b">nc</subfield>
      <subfield code="2">rdacarrier</subfield>
    </datafield>
    <datafield tag="500" ind1=" " ind2=" ">
      <subfield code="a">Später Schriftenreihe</subfield>
    </datafield>
    <datafield tag="780" ind1="0" ind2="0">
      <subfield code="i">Früher u.d.T.:</subfield>
      <subfield code="a">Kunstmuseum Hannover mit Sammlung Sprengel</subfield>
      <subfield code="t">Didaktische und andere Besucherinformationen / Kunstmuseum Hannover mit Sammlung Sprengel</subfield>
      <subfield code="d">Hannover : Kunstmuseum Hannover mit Sammlung Sprengel</subfield>
      <subfield code="w">(DE-600)2057286-4</subfield>
      <subfield code="w">(DE-101)501506683</subfield>
    </datafield>
    <datafield tag="785" ind1="0" ind2="0">
      <subfield code="i">Später u.d.T.:</subfield>
      <subfield code="a">Sprengel Museum Hannover</subfield>
      <subfield code="t">di / Sprengel-Museum Hannover</subfield>
      <subfield code="d">Hannover : Sprengel-Museum</subfield>
      <subfield code="w">(DE-600)2083948-0</subfield>
      <subfield code="w">(DE-101)552092525</subfield>
    </datafield>
  </record></recordData><recordPosition>562</recordPosition></record>