<record><recordSchema>MARC21-xml</recordSchema><recordPacking>xml</recordPacking><recordData><record xmlns="http://www.loc.gov/MARC21/slim" type="Bibliographic">
    <leader>00000nam a2200000 ca4500</leader>
    <controlfield tag="001">966397339</controlfield>
    <controlfield tag="003">DE-101</controlfield>
    <controlfield tag="005">20171208183756.0</controlfield>
    <controlfield tag="007">tu</controlfield>
    <controlfield tag="008">030211s        gw ||||| |||| 10|||||||  </controlfield>
    <datafield tag="016" ind1="7" ind2=" ">
      <subfield code="2">DE-101</subfield>
      <subfield code="a">966397339</subfield>
    </datafield>
    <datafield tag="035" ind1=" " ind2=" ">
      <subfield code="a">(DE-599)DNB966397339</subfield>
    </datafield>
    <datafield tag="035" ind1=" " ind2=" ">
      <subfield code="a">(OCoLC)76422161</subfield>
    </datafield>
    <datafield tag="040" ind1=" " ind2=" ">
      <subfield code="a">1140</subfield>
      <subfield code="b">ger</subfield>
      <subfield code="c">DE-101</subfield>
      <subfield code="d">9999</subfield>
    </datafield>
    <datafield tag="044" ind1=" " ind2=" ">
      <subfield code="c">XA-DE</subfield>
    </datafield>
    <datafield tag="084" ind1=" " ind2=" ">
      <subfield code="a">46</subfield>
      <subfield code="a">01</subfield>
      <subfield code="a">700</subfield>
      <subfield code="a">730</subfield>
      <subfield code="a">740</subfield>
      <subfield code="a">750</subfield>
      <subfield code="a">760</subfield>
      <subfield code="q">DE-101</subfield>
      <subfield code="2">sdnb</subfield>
    </datafield>
    <datafield tag="084" ind1=" " ind2=" ">
      <subfield code="a">13.1a</subfield>
      <subfield code="a">6.5</subfield>
      <subfield code="q">DE-101</subfield>
      <subfield code="2">sswd</subfield>
    </datafield>
    <datafield tag="245" ind1="0" ind2="0">
      <subfield code="a">Science + fiction</subfield>
      <subfield code="b">zwischen Nanowelt und globaler Kultur ; [aus Anlass der Ausstellung Science + Fiction - zwischen Nanowelt und Globaler Kultur]</subfield>
      <subfield code="c">[Sprengel-Museum Hannover ... Im Auftr. der VolkswagenStiftung Hannover]. Hrsg. von Stefan Iglhaut und Thomas Spring</subfield>
    </datafield>
    <datafield tag="246" ind1="3" ind2=" ">
      <subfield code="a">Science and fiction</subfield>
    </datafield>
    <datafield tag="264" ind1=" " ind2="1">
      <subfield code="a">Berlin</subfield>
      <subfield code="b">Jovis</subfield>
    </datafield>
    <datafield tag="300" ind1=" " ind2=" ">
      <subfield code="c">31 cm</subfield>
    </datafield>
    <datafield tag="336" ind1=" " ind2=" ">
      <subfield code="a">Text</subfield>
      <subfield code="b">txt</subfield>
      <subfield code="2">rdacontent</subfield>
    </datafield>
    <datafield tag="336" ind1=" " ind2=" ">
      <subfield code="a">unbewegtes Bild</subfield>
      <subfield code="b">sti</subfield>
      <subfield code="2">rdacontent</subfield>
    </datafield>
    <datafield tag="337" ind1=" " ind2=" ">
      <subfield code="a">ohne Hilfsmittel zu benutzen</subfield>
      <subfield code="b">n</subfield>
      <subfield code="2">rdamedia</subfield>
    </datafield>
    <datafield tag="338" ind1=" " ind2=" ">
      <subfield code="a">Band</subfield>
      <subfield code="b">nc</subfield>
      <subfield code="2">rdacarrier</subfield>
    </datafield>
    <datafield tag="500" ind1=" " ind2=" ">
      <subfield code="a">Literaturangaben</subfield>
    </datafield>
    <datafield tag="650" ind1=" " ind2="7">
      <subfield code="0">(DE-588)4114333-4</subfield>
      <subfield code="0">https://d-nb.info/gnd/4114333-4</subfield>
      <subfield code="0">(DE-101)041143337</subfield>
      <subfield code="a">Kunst</subfield>
      <subfield code="9">rswk-swf</subfield>
      <subfield code="2">gnd</subfield>
    </datafield>
    <datafield tag="650" ind1=" " ind2="7">
      <subfield code="0">(DE-588)4207539-7</subfield>
      <subfield code="0">https://d-nb.info/gnd/4207539-7</subfield>
      <subfield code="0">(DE-101)042075394</subfield>
      <subfield code="a">Wissenschaftstransfer</subfield>
      <subfield code="9">rswk-swf</subfield>
      <subfield code="2">gnd</subfield>
    </datafield>
    <datafield tag="650" ind1=" " ind2="7">
      <subfield code="0">(DE-588)4557997-0</subfield>
      <subfield code="0">https://d-nb.info/gnd/4557997-0</subfield>
      <subfield code="0">(DE-101)957319304</subfield>
      <subfield code="a">Globalisierung</subfield>
      <subfield code="9">rswk-swf</subfield>
      <subfield code="2">gnd</subfield>
    </datafield>
    <datafield tag="655" ind1=" " ind2="7">
      <subfield code="0">(DE-588)4135467-9</subfield>
      <subfield code="0">https://d-nb.info/gnd/4135467-9</subfield>
      <subfield code="0">(DE-101)041354672</subfield>
      <subfield code="a">Ausstellungskatalog</subfield>
      <subfield code="y">2002</subfield>
      <subfield code="z">Hannover</subfield>
      <subfield code="2">gnd-content</subfield>
    </datafield>
    <datafield tag="655" ind1=" " ind2="7">
      <subfield code="0">(DE-588)1071861417</subfield>
      <subfield code="0">https://d-nb.info/gnd/1071861417</subfield>
      <subfield code="0">(DE-101)1071861417</subfield>
      <subfield code="a">Konferenzschrift</subfield>
      <subfield code="2">gnd-content</subfield>
    </datafield>
    <datafield tag="655" ind1=" " ind2="7">
      <subfield code="a">Ausstellung</subfield>
      <subfield code="z">Hannover &lt;2002></subfield>
      <subfield code="9">rswk-swf</subfield>
      <subfield code="2">gnd</subfield>
    </datafield>
    <datafield tag="689" ind1="0" ind2="0">
      <subfield code="0">(DE-588)4114333-4</subfield>
      <subfield code="0">https://d-nb.info/gnd/4114333-4</subfield>
      <subfield code="0">(DE-101)041143337</subfield>
      <subfield code="D">s</subfield>
      <subfield code="a">Kunst</subfield>
    </datafield>
    <datafield tag="689" ind1="0" ind2="1">
      <subfield code="0">(DE-588)4207539-7</subfield>
      <subfield code="0">https://d-nb.info/gnd/4207539-7</subfield>
      <subfield code="0">(DE-101)042075394</subfield>
      <subfield code="D">s</subfield>
      <subfield code="a">Wissenschaftstransfer</subfield>
    </datafield>
    <datafield tag="689" ind1="0" ind2="2">
      <subfield code="0">(DE-588)4557997-0</subfield>
      <subfield code="0">https://d-nb.info/gnd/4557997-0</subfield>
      <subfield code="0">(DE-101)957319304</subfield>
      <subfield code="D">s</subfield>
      <subfield code="a">Globalisierung</subfield>
    </datafield>
    <datafield tag="689" ind1="0" ind2="3">
      <subfield code="A">f</subfield>
      <subfield code="a">Ausstellung</subfield>
    </datafield>
    <datafield tag="689" ind1="0" ind2="4">
      <subfield code="A">g</subfield>
      <subfield code="a">Hannover &lt;2002></subfield>
    </datafield>
    <datafield tag="689" ind1="0" ind2=" ">
      <subfield code="5">DE-101</subfield>
      <subfield code="5">DE-101</subfield>
    </datafield>
    <datafield tag="700" ind1="1" ind2=" ">
      <subfield code="0">(DE-588)113303041</subfield>
      <subfield code="0">https://d-nb.info/gnd/113303041</subfield>
      <subfield code="0">(DE-101)113303041</subfield>
      <subfield code="a">Iglhaut, Stefan</subfield>
      <subfield code="d">1962-</subfield>
      <subfield code="e">Herausgeber</subfield>
      <subfield code="4">edt</subfield>
      <subfield code="2">gnd</subfield>
    </datafield>
    <datafield tag="710" ind1="2" ind2=" ">
      <subfield code="0">(DE-588)2083948-0</subfield>
      <subfield code="0">https://d-nb.info/gnd/2083948-0</subfield>
      <subfield code="0">(DE-101)007332122</subfield>
      <subfield code="a">Sprengel Museum Hannover</subfield>
      <subfield code="e">Herausgebendes Organ</subfield>
      <subfield code="4">isb</subfield>
      <subfield code="2">gnd</subfield>
    </datafield>
    <datafield tag="711" ind1="2" ind2=" ">
      <subfield code="0">(DE-588)10051045-0</subfield>
      <subfield code="0">https://d-nb.info/gnd/10051045-0</subfield>
      <subfield code="0">(DE-101)966397215</subfield>
      <subfield code="a">Ausstellung Science + Fiction - zwischen Nanowelt und Globaler Kultur</subfield>
      <subfield code="d">2002 - 2004</subfield>
      <subfield code="c">Hannover u.a.</subfield>
      <subfield code="j">Herausgebendes Organ</subfield>
      <subfield code="4">isb</subfield>
      <subfield code="2">gnd</subfield>
    </datafield>
    <datafield tag="775" ind1="0" ind2="8">
      <subfield code="i">Parallele Sprachausgabe</subfield>
      <subfield code="n">Engl. Ausg.</subfield>
      <subfield code="t">Science + fiction</subfield>
      <subfield code="d">Berlin : Jovis, 2004</subfield>
      <subfield code="h">251, 251 S., Ill.</subfield>
      <subfield code="w">(DE-101)969840802</subfield>
    </datafield>
  </record></recordData><recordPosition>571</recordPosition></record>