<record><recordSchema>MARC21-xml</recordSchema><recordPacking>xml</recordPacking><recordData><record xmlns="http://www.loc.gov/MARC21/slim" type="Bibliographic">
    <leader>00000nam a2200000 ca4500</leader>
    <controlfield tag="001">551297719</controlfield>
    <controlfield tag="003">DE-101</controlfield>
    <controlfield tag="005">20251024164943.0</controlfield>
    <controlfield tag="007">tu</controlfield>
    <controlfield tag="008">870610s        gw ||||| |||| 00|||||||  </controlfield>
    <datafield tag="016" ind1="7" ind2=" ">
      <subfield code="2">DE-101</subfield>
      <subfield code="a">551297719</subfield>
    </datafield>
    <datafield tag="035" ind1=" " ind2=" ">
      <subfield code="a">(DE-599)DNB551297719</subfield>
    </datafield>
    <datafield tag="035" ind1=" " ind2=" ">
      <subfield code="a">(OCoLC)714241588</subfield>
    </datafield>
    <datafield tag="040" ind1=" " ind2=" ">
      <subfield code="a">1200</subfield>
      <subfield code="b">ger</subfield>
      <subfield code="c">DE-101</subfield>
      <subfield code="d">9999</subfield>
    </datafield>
    <datafield tag="044" ind1=" " ind2=" ">
      <subfield code="c">XA-DE</subfield>
    </datafield>
    <datafield tag="084" ind1=" " ind2=" ">
      <subfield code="a">46</subfield>
      <subfield code="a">700</subfield>
      <subfield code="a">730</subfield>
      <subfield code="a">740</subfield>
      <subfield code="a">750</subfield>
      <subfield code="a">760</subfield>
      <subfield code="q">DE-101</subfield>
      <subfield code="2">sdnb</subfield>
    </datafield>
    <datafield tag="110" ind1="2" ind2=" ">
      <subfield code="0">(DE-588)2057286-4</subfield>
      <subfield code="0">https://d-nb.info/gnd/2057286-4</subfield>
      <subfield code="0">(DE-101)007095023</subfield>
      <subfield code="a">Kunstmuseum Hannover mit Sammlung Sprengel</subfield>
      <subfield code="e">Verfasser</subfield>
      <subfield code="4">aut</subfield>
      <subfield code="2">gnd</subfield>
    </datafield>
    <datafield tag="245" ind1="1" ind2="0">
      <subfield code="a">Studio / Kunstmuseum Hannover mit Sammlung Sprengel</subfield>
      <subfield code="c">[Konzeption d. Ausstellungsreihe: Magdalena M. Moeller]</subfield>
    </datafield>
    <datafield tag="264" ind1=" " ind2="1">
      <subfield code="a">Hannover</subfield>
      <subfield code="b">Kunstmuseum Hannover mit Sammlung Sprengel</subfield>
    </datafield>
    <datafield tag="300" ind1=" " ind2=" ">
      <subfield code="c">21 x 23 cm</subfield>
    </datafield>
    <datafield tag="336" ind1=" " ind2=" ">
      <subfield code="a">unbewegtes Bild</subfield>
      <subfield code="b">sti</subfield>
      <subfield code="2">rdacontent</subfield>
    </datafield>
    <datafield tag="337" ind1=" " ind2=" ">
      <subfield code="a">ohne Hilfsmittel zu benutzen</subfield>
      <subfield code="b">n</subfield>
      <subfield code="2">rdamedia</subfield>
    </datafield>
    <datafield tag="338" ind1=" " ind2=" ">
      <subfield code="a">Band</subfield>
      <subfield code="b">nc</subfield>
      <subfield code="2">rdacarrier</subfield>
    </datafield>
    <datafield tag="700" ind1="1" ind2=" ">
      <subfield code="0">(DE-588)131793411</subfield>
      <subfield code="0">https://d-nb.info/gnd/131793411</subfield>
      <subfield code="0">(DE-101)131793411</subfield>
      <subfield code="a">Moeller, Magdalena M.</subfield>
      <subfield code="d">1952-</subfield>
      <subfield code="e">Herausgeber</subfield>
      <subfield code="4">edt</subfield>
      <subfield code="2">gnd</subfield>
    </datafield>
    <datafield tag="785" ind1="0" ind2="0">
      <subfield code="i">Fortgesetzt durch</subfield>
      <subfield code="n">Ab 2</subfield>
      <subfield code="t">Sprengel-Museum &lt;Hannover>: Studio</subfield>
    </datafield>
  </record></recordData><recordPosition>578</recordPosition></record>